<?xml version="1.0" encoding="UTF-8" ?><marc:collection xmlns:marc="http://www.loc.gov/MARC21/slim" xmlns:xsi="http://www.w3.org/2001/XMLSchema-instance" xsi:schemaLocation="http://www.loc.gov/MARC21/slim http://www.loc.gov/standards/marcxml/schema/MARC21slim.xsd">
<marc:record><marc:leader>04642cam a2200673 i 4500</marc:leader>
<marc:controlfield tag="001">001178017</marc:controlfield>
<marc:controlfield tag="005">20220502160156.0</marc:controlfield><marc:controlfield tag="007">he bmb024bbca</marc:controlfield><marc:controlfield tag="008">220502s2021    dcu     bb   f000 0 eng c</marc:controlfield><marc:datafield tag="024" ind1="8" ind2=" "><marc:subfield code="a">39-690</marc:subfield><marc:subfield code="q">(GPO jacket number)</marc:subfield></marc:datafield><marc:datafield tag="035" ind1=" " ind2=" "><marc:subfield code="a">(OCoLC)1313558752</marc:subfield></marc:datafield><marc:datafield tag="040" ind1=" " ind2=" "><marc:subfield code="a">GPO</marc:subfield><marc:subfield code="b">eng</marc:subfield><marc:subfield code="e">rda</marc:subfield><marc:subfield code="c">GPO</marc:subfield><marc:subfield code="d">GPO</marc:subfield></marc:datafield><marc:datafield tag="042" ind1=" " ind2=" "><marc:subfield code="a">pcc</marc:subfield></marc:datafield><marc:datafield tag="043" ind1=" " ind2=" "><marc:subfield code="a">n-us---</marc:subfield><marc:subfield code="a">e------</marc:subfield><marc:subfield code="a">l------</marc:subfield></marc:datafield><marc:datafield tag="050" ind1="0" ind2="0"><marc:subfield code="a">UG479</marc:subfield><marc:subfield code="b">.U55 2021</marc:subfield></marc:datafield><marc:datafield tag="074" ind1=" " ind2=" "><marc:subfield code="a">1089-D (MF)</marc:subfield></marc:datafield><marc:datafield tag="086" ind1="0" ind2=" "><marc:subfield code="a">Y 4.SE 2:116-2-1</marc:subfield></marc:datafield><marc:datafield tag="088" ind1=" " ind2=" "><marc:subfield code="a">CSCE 116-2-1</marc:subfield></marc:datafield><marc:datafield tag="110" ind1="1" ind2=" "><marc:subfield code="a">United States.</marc:subfield><marc:subfield code="b">Congress.</marc:subfield><marc:subfield code="b">Commission on Security and Cooperation in Europe,</marc:subfield><marc:subfield code="0">http://id.loc.gov/authorities/names/n79040153</marc:subfield><marc:subfield code="e">author.</marc:subfield></marc:datafield><marc:datafield tag="245" ind1="1" ind2="0"><marc:subfield code="a">AI, UAVs, hypersonics, and autonomous systems :</marc:subfield><marc:subfield code="b">emerging technologies and Euro-Atlantic security : hearing before the Commission on Security and Cooperation in Europe, One Hundred Sixteenth Congress, second session, January 22, 2020.</marc:subfield></marc:datafield><marc:datafield tag="246" ind1="3" ind2=" "><marc:subfield code="a">Artificial intelligence, Unmanned Aerial Vehicle, hypersonics, and autonomous systems</marc:subfield></marc:datafield><marc:datafield tag="246" ind1="3" ind2="0"><marc:subfield code="a">Emerging technologies and Euro-Atlantic security</marc:subfield></marc:datafield><marc:datafield tag="264" ind1=" " ind2="1"><marc:subfield code="a">Washington :</marc:subfield><marc:subfield code="b">U.S. Government Publishing Office,</marc:subfield><marc:subfield code="c">2021.</marc:subfield></marc:datafield><marc:datafield tag="300" ind1=" " ind2=" "><marc:subfield code="a">iii, 51 pages ;</marc:subfield><marc:subfield code="c">24 cm</marc:subfield></marc:datafield><marc:datafield tag="336" ind1=" " ind2=" "><marc:subfield code="a">text</marc:subfield><marc:subfield code="b">txt</marc:subfield><marc:subfield code="2">rdacontent</marc:subfield></marc:datafield><marc:datafield tag="337" ind1=" " ind2=" "><marc:subfield code="a">microform</marc:subfield><marc:subfield code="b">h</marc:subfield><marc:subfield code="2">rdamedia</marc:subfield></marc:datafield><marc:datafield tag="338" ind1=" " ind2=" "><marc:subfield code="a">microfiche</marc:subfield><marc:subfield code="b">he</marc:subfield><marc:subfield code="2">rdacarrier</marc:subfield></marc:datafield><marc:datafield tag="500" ind1=" " ind2=" "><marc:subfield code="a">Shipping list no. unavailable.</marc:subfield></marc:datafield><marc:datafield tag="504" ind1=" " ind2=" "><marc:subfield code="a">Includes bibliographical references.</marc:subfield></marc:datafield><marc:datafield tag="518" ind1=" " ind2=" "><marc:subfield code="a">Date of hearing: 2020-01-22.</marc:subfield></marc:datafield><marc:datafield tag="533" ind1=" " ind2=" "><marc:subfield code="a">Microfiche.</marc:subfield><marc:subfield code="b">[Washington, D.C.] :</marc:subfield><marc:subfield code="c">U.S. Government Publishing Office,</marc:subfield><marc:subfield code="d">[2021?]</marc:subfield><marc:subfield code="e">1 microfiche : negative.</marc:subfield></marc:datafield><marc:datafield tag="610" ind1="1" ind2="0"><marc:subfield code="a">United States.</marc:subfield><marc:subfield code="b">Department of Defense</marc:subfield><marc:subfield code="0">http://id.loc.gov/authorities/names/n79021946</marc:subfield><marc:subfield code="x">Information resources management.</marc:subfield><marc:subfield code="0">http://id.loc.gov/authorities/subjects/sh2001008672</marc:subfield></marc:datafield><marc:datafield tag="610" ind1="1" ind2="0"><marc:subfield code="a">United States.</marc:subfield><marc:subfield code="b">Department of Defense</marc:subfield><marc:subfield code="0">http://id.loc.gov/authorities/names/n79021946</marc:subfield><marc:subfield code="x">Information technology</marc:subfield><marc:subfield code="0">http://id.loc.gov/authorities/subjects/sh2002012003</marc:subfield><marc:subfield code="x">Security measures.</marc:subfield><marc:subfield code="0">http://id.loc.gov/authorities/subjects/sh99005297</marc:subfield></marc:datafield><marc:datafield tag="650" ind1=" " ind2="0"><marc:subfield code="a">Military art and science</marc:subfield><marc:subfield code="0">http://id.loc.gov/authorities/subjects/sh85085132</marc:subfield><marc:subfield code="x">Technological innovations</marc:subfield><marc:subfield code="0">http://id.loc.gov/authorities/subjects/sh2001009095</marc:subfield><marc:subfield code="z">Europe.</marc:subfield><marc:subfield code="0">http://id.loc.gov/authorities/subjects/sh85045631</marc:subfield></marc:datafield><marc:datafield tag="650" ind1=" " ind2="0"><marc:subfield code="a">Military art and science</marc:subfield><marc:subfield code="0">http://id.loc.gov/authorities/subjects/sh85085132</marc:subfield><marc:subfield code="x">Technological innovations</marc:subfield><marc:subfield code="0">http://id.loc.gov/authorities/subjects/sh2001009095</marc:subfield><marc:subfield code="z">Atlantic Ocean Region.</marc:subfield><marc:subfield code="0">http://id.loc.gov/authorities/subjects/sh2008007717</marc:subfield></marc:datafield><marc:datafield tag="650" ind1=" " ind2="0"><marc:subfield code="a">Artificial intelligence</marc:subfield><marc:subfield code="x">Military applications.</marc:subfield><marc:subfield code="0">http://id.loc.gov/authorities/subjects/sh85008183</marc:subfield></marc:datafield><marc:datafield tag="650" ind1=" " ind2="0"><marc:subfield code="a">National security</marc:subfield><marc:subfield code="0">http://id.loc.gov/authorities/subjects/sh85090122</marc:subfield><marc:subfield code="z">Europe.</marc:subfield><marc:subfield code="0">http://id.loc.gov/authorities/subjects/sh85045631</marc:subfield></marc:datafield><marc:datafield tag="650" ind1=" " ind2="0"><marc:subfield code="a">National security</marc:subfield><marc:subfield code="0">http://id.loc.gov/authorities/subjects/sh85090122</marc:subfield><marc:subfield code="z">Atlantic Ocean Region.</marc:subfield><marc:subfield code="0">http://id.loc.gov/authorities/subjects/sh2008007717</marc:subfield></marc:datafield><marc:datafield tag="650" ind1=" " ind2="0"><marc:subfield code="a">Drone aircraft.</marc:subfield><marc:subfield code="0">http://id.loc.gov/authorities/subjects/sh85039623</marc:subfield></marc:datafield><marc:datafield tag="650" ind1=" " ind2="0"><marc:subfield code="a">Cyberspace operations (Military science)</marc:subfield><marc:subfield code="0">http://id.loc.gov/authorities/subjects/sh2013000988</marc:subfield></marc:datafield><marc:datafield tag="651" ind1=" " ind2="0"><marc:subfield code="a">United States</marc:subfield><marc:subfield code="x">Armed Forces</marc:subfield><marc:subfield code="x">Equipment</marc:subfield><marc:subfield code="0">http://id.loc.gov/authorities/subjects/sh85139822</marc:subfield><marc:subfield code="x">Technological innovations.</marc:subfield><marc:subfield code="0">http://id.loc.gov/authorities/subjects/sh2001009095</marc:subfield></marc:datafield><marc:datafield tag="610" ind1="1" ind2="7"><marc:subfield code="a">United States.</marc:subfield><marc:subfield code="b">Department of Defense.</marc:subfield><marc:subfield code="2">fast</marc:subfield><marc:subfield code="0">(OCoLC)fst01852447</marc:subfield></marc:datafield><marc:datafield tag="650" ind1=" " ind2="7"><marc:subfield code="a">Artificial intelligence</marc:subfield><marc:subfield code="x">Military applications.</marc:subfield><marc:subfield code="2">fast</marc:subfield><marc:subfield code="0">(OCoLC)fst00817271</marc:subfield></marc:datafield><marc:datafield tag="650" ind1=" " ind2="7"><marc:subfield code="a">Cyberspace operations (Military science)</marc:subfield><marc:subfield code="2">fast</marc:subfield><marc:subfield code="0">(OCoLC)fst01909446</marc:subfield></marc:datafield><marc:datafield tag="650" ind1=" " ind2="7"><marc:subfield code="a">Drone aircraft.</marc:subfield><marc:subfield code="2">fast</marc:subfield><marc:subfield code="0">(OCoLC)fst00898349</marc:subfield></marc:datafield><marc:datafield tag="650" ind1=" " ind2="7"><marc:subfield code="a">Information resources management.</marc:subfield><marc:subfield code="2">fast</marc:subfield><marc:subfield code="0">(OCoLC)fst00972603</marc:subfield></marc:datafield><marc:datafield tag="650" ind1=" " ind2="7"><marc:subfield code="a">Information technology</marc:subfield><marc:subfield code="x">Security measures.</marc:subfield><marc:subfield code="2">fast</marc:subfield><marc:subfield code="0">(OCoLC)fst00973129</marc:subfield></marc:datafield><marc:datafield tag="650" ind1=" " ind2="7"><marc:subfield code="a">Military art and science</marc:subfield><marc:subfield code="x">Technological innovations.</marc:subfield><marc:subfield code="2">fast</marc:subfield><marc:subfield code="0">(OCoLC)fst01020921</marc:subfield></marc:datafield><marc:datafield tag="650" ind1=" " ind2="7"><marc:subfield code="a">National security.</marc:subfield><marc:subfield code="2">fast</marc:subfield><marc:subfield code="0">(OCoLC)fst01033711</marc:subfield></marc:datafield><marc:datafield tag="651" ind1=" " ind2="7"><marc:subfield code="a">Atlantic Ocean Region.</marc:subfield><marc:subfield code="2">fast</marc:subfield><marc:subfield code="0">(OCoLC)fst01723575</marc:subfield></marc:datafield><marc:datafield tag="651" ind1=" " ind2="7"><marc:subfield code="a">Europe.</marc:subfield><marc:subfield code="2">fast</marc:subfield><marc:subfield code="0">(OCoLC)fst01245064</marc:subfield></marc:datafield><marc:datafield tag="651" ind1=" " ind2="7"><marc:subfield code="a">United States.</marc:subfield><marc:subfield code="2">fast</marc:subfield><marc:subfield code="0">(OCoLC)fst01204155</marc:subfield></marc:datafield><marc:datafield tag="655" ind1=" " ind2="7"><marc:subfield code="a">Legislative hearings.</marc:subfield><marc:subfield code="2">fast</marc:subfield><marc:subfield code="0">(OCoLC)fst01910825</marc:subfield></marc:datafield><marc:datafield tag="655" ind1=" " ind2="7"><marc:subfield code="a">Legislative hearings.</marc:subfield><marc:subfield code="2">lcgft</marc:subfield><marc:subfield code="0">http://id.loc.gov/authorities/genreForms/gf2013025047</marc:subfield></marc:datafield><marc:datafield tag="776" ind1="0" ind2="8"><marc:subfield code="i">Online version:</marc:subfield><marc:subfield code="a">United States. Congress. Commission on Security and Cooperation in Europe.</marc:subfield><marc:subfield code="t">AI, UAVs, hypersonics, and autonomous systems</marc:subfield><marc:subfield code="w">(OCoLC)1245954202</marc:subfield></marc:datafield><marc:datafield tag="776" ind1="0" ind2="8"><marc:subfield code="i">Print version:</marc:subfield><marc:subfield code="a">United States. Congress. Commission on Security and Cooperation in Europe.</marc:subfield><marc:subfield code="t">AI, UAVs, hypersonics, and autonomous systems</marc:subfield><marc:subfield code="w">(OCoLC)1245954323</marc:subfield></marc:datafield><marc:datafield tag="994" ind1=" " ind2=" "><marc:subfield code="a">C0</marc:subfield><marc:subfield code="b">GPO</marc:subfield></marc:datafield><marc:datafield tag="049" ind1=" " ind2=" "><marc:subfield code="a">XZLM</marc:subfield></marc:datafield><marc:datafield tag="955" ind1=" " ind2=" "><marc:subfield code="a">bca68 20220502</marc:subfield><marc:subfield code="b">20220502</marc:subfield></marc:datafield></marc:record>