
<marc:record><marc:leader>03617nam a2200493 i 4500</marc:leader>
<marc:controlfield tag="001">001178499</marc:controlfield>
<marc:controlfield tag="005">20220509112300.0</marc:controlfield><marc:controlfield tag="007">he bmb024bbca</marc:controlfield><marc:controlfield tag="008">220509s2020    dcu     b    f000 0 eng c</marc:controlfield><marc:datafield tag="035" ind1=" " ind2=" "><marc:subfield code="a">(OCoLC)1315021709</marc:subfield></marc:datafield><marc:datafield tag="040" ind1=" " ind2=" "><marc:subfield code="a">GPO</marc:subfield><marc:subfield code="b">eng</marc:subfield><marc:subfield code="e">rda</marc:subfield><marc:subfield code="c">GPO</marc:subfield></marc:datafield><marc:datafield tag="042" ind1=" " ind2=" "><marc:subfield code="a">pcc</marc:subfield></marc:datafield><marc:datafield tag="043" ind1=" " ind2=" "><marc:subfield code="a">n-us---</marc:subfield></marc:datafield><marc:datafield tag="050" ind1=" " ind2="4"><marc:subfield code="a">KF27</marc:subfield><marc:subfield code="b">.O9654 2020d</marc:subfield></marc:datafield><marc:datafield tag="074" ind1=" " ind2=" "><marc:subfield code="a">1016-B (MF)</marc:subfield></marc:datafield><marc:datafield tag="086" ind1="0" ind2=" "><marc:subfield code="a">Y 4.OV 2:116-104</marc:subfield></marc:datafield><marc:datafield tag="088" ind1=" " ind2=" "><marc:subfield code="a">Serial no. 116-104 (United States. Congress. House. Committee on Oversight and Reform)</marc:subfield></marc:datafield><marc:datafield tag="110" ind1="1" ind2=" "><marc:subfield code="a">United States.</marc:subfield><marc:subfield code="b">Congress.</marc:subfield><marc:subfield code="b">House.</marc:subfield><marc:subfield code="b">Committee on Oversight and Reform.</marc:subfield><marc:subfield code="b">Subcommittee on Government Operations,</marc:subfield><marc:subfield code="0">http://id.loc.gov/authorities/names/no2019097825</marc:subfield><marc:subfield code="e">author.</marc:subfield></marc:datafield><marc:datafield tag="245" ind1="1" ind2="0"><marc:subfield code="a">Federal IT modernization :</marc:subfield><marc:subfield code="b">how the coronavirus exposed outdated systems : hearing before the Subcommittee on Government Operations of the Committee on Oversight and Reform, House of Representatives, One Hundred Sixteenth Congress, second session, July 20, 2020.</marc:subfield></marc:datafield><marc:datafield tag="246" ind1="3" ind2=" "><marc:subfield code="a">Federal information technology modernization</marc:subfield></marc:datafield><marc:datafield tag="246" ind1="3" ind2="0"><marc:subfield code="a">How the coronavirus exposed outdated systems</marc:subfield></marc:datafield><marc:datafield tag="264" ind1=" " ind2="1"><marc:subfield code="a">Washington :</marc:subfield><marc:subfield code="b">U.S. Government Publishing Office,</marc:subfield><marc:subfield code="c">2020.</marc:subfield></marc:datafield><marc:datafield tag="300" ind1=" " ind2=" "><marc:subfield code="a">iii, 38 pages ;</marc:subfield><marc:subfield code="c">24 cm</marc:subfield></marc:datafield><marc:datafield tag="336" ind1=" " ind2=" "><marc:subfield code="a">text</marc:subfield><marc:subfield code="b">txt</marc:subfield><marc:subfield code="2">rdacontent</marc:subfield></marc:datafield><marc:datafield tag="337" ind1=" " ind2=" "><marc:subfield code="a">microform</marc:subfield><marc:subfield code="b">h</marc:subfield><marc:subfield code="2">rdamedia</marc:subfield></marc:datafield><marc:datafield tag="338" ind1=" " ind2=" "><marc:subfield code="a">microfiche</marc:subfield><marc:subfield code="b">he</marc:subfield><marc:subfield code="2">rdacarrier</marc:subfield></marc:datafield><marc:datafield tag="500" ind1=" " ind2=" "><marc:subfield code="a">Access ID (govinfo): CHRG-116hhrg41183.</marc:subfield></marc:datafield><marc:datafield tag="500" ind1=" " ind2=" "><marc:subfield code="a">&quot;Serial no. 116-104.&quot;</marc:subfield></marc:datafield><marc:datafield tag="500" ind1=" " ind2=" "><marc:subfield code="a">Shipping list no.: unavailable.</marc:subfield></marc:datafield><marc:datafield tag="511" ind1="0" ind2=" "><marc:subfield code="a">Hearing witnesses: Gordon Bitko, Senior Vice President of Policy, Information Technology Industry Council; Matthew Cornelius, Executive Director, Alliance for Digital Innovation; Steve O'Keeffe, Founder, MeriTalk; Hana Schank, Director of Strategy, Public Interest Technology, New America.</marc:subfield></marc:datafield><marc:datafield tag="518" ind1=" " ind2=" "><marc:subfield code="a">Date of hearing: 2020-07-20.</marc:subfield></marc:datafield><marc:datafield tag="533" ind1=" " ind2=" "><marc:subfield code="a">Microfiche.</marc:subfield><marc:subfield code="b">[Washington, D.C.] :</marc:subfield><marc:subfield code="c">U.S. Government Publishing Office,</marc:subfield><marc:subfield code="d">[2021?]</marc:subfield><marc:subfield code="e">1 microfiche : negative.</marc:subfield></marc:datafield><marc:datafield tag="650" ind1=" " ind2="0"><marc:subfield code="a">Information technology</marc:subfield><marc:subfield code="0">http://id.loc.gov/authorities/subjects/sh87002293</marc:subfield><marc:subfield code="x">Government policy</marc:subfield><marc:subfield code="0">http://id.loc.gov/authorities/subjects/sh99005269</marc:subfield><marc:subfield code="z">United States.</marc:subfield><marc:subfield code="0">http://id.loc.gov/authorities/names/n78095330</marc:subfield></marc:datafield><marc:datafield tag="650" ind1=" " ind2="0"><marc:subfield code="a">Computer security</marc:subfield><marc:subfield code="0">http://id.loc.gov/authorities/subjects/sh90001862</marc:subfield><marc:subfield code="x">Government policy</marc:subfield><marc:subfield code="0">http://id.loc.gov/authorities/subjects/sh99005269</marc:subfield><marc:subfield code="z">United States.</marc:subfield><marc:subfield code="0">http://id.loc.gov/authorities/names/n78095330</marc:subfield></marc:datafield><marc:datafield tag="650" ind1=" " ind2="0"><marc:subfield code="a">Federal government</marc:subfield><marc:subfield code="z">United States</marc:subfield><marc:subfield code="0">http://id.loc.gov/authorities/subjects/sh2008000835</marc:subfield><marc:subfield code="x">Information services.</marc:subfield><marc:subfield code="0">http://id.loc.gov/authorities/subjects/sh00006253</marc:subfield></marc:datafield><marc:datafield tag="650" ind1=" " ind2="0"><marc:subfield code="a">Government information</marc:subfield><marc:subfield code="0">http://id.loc.gov/authorities/subjects/sh85056072</marc:subfield><marc:subfield code="x">Technological innovations</marc:subfield><marc:subfield code="0">http://id.loc.gov/authorities/subjects/sh2001009095</marc:subfield><marc:subfield code="z">United States.</marc:subfield><marc:subfield code="0">http://id.loc.gov/authorities/names/n78095330</marc:subfield></marc:datafield><marc:datafield tag="650" ind1=" " ind2="0"><marc:subfield code="a">Electronic government information</marc:subfield><marc:subfield code="0">http://id.loc.gov/authorities/subjects/sh98001205</marc:subfield><marc:subfield code="z">United States.</marc:subfield><marc:subfield code="0">http://id.loc.gov/authorities/names/n78095330</marc:subfield></marc:datafield><marc:datafield tag="650" ind1=" " ind2="0"><marc:subfield code="a">COVID-19 (Disease)</marc:subfield><marc:subfield code="0">http://id.loc.gov/authorities/subjects/sh2020000570</marc:subfield><marc:subfield code="z">United States.</marc:subfield><marc:subfield code="0">http://id.loc.gov/authorities/names/n78095330</marc:subfield></marc:datafield><marc:datafield tag="655" ind1=" " ind2="7"><marc:subfield code="a">Legislative hearings.</marc:subfield><marc:subfield code="2">lcgft</marc:subfield><marc:subfield code="0">http://id.loc.gov/authorities/genreForms/gf2013025047</marc:subfield></marc:datafield><marc:datafield tag="776" ind1="0" ind2="8"><marc:subfield code="i">Online version:</marc:subfield><marc:subfield code="a">United States. Congress. House. Committee on Oversight and Reform. Subcommittee on Government Operations.</marc:subfield><marc:subfield code="t">Federal IT modernization</marc:subfield><marc:subfield code="w">(OCoLC)1226329024</marc:subfield></marc:datafield><marc:datafield tag="776" ind1="0" ind2="8"><marc:subfield code="i">Print version:</marc:subfield><marc:subfield code="a">United States. Congress. House. Committee on Oversight and Reform. Subcommittee on Government Operations.</marc:subfield><marc:subfield code="t">Federal IT modernization</marc:subfield><marc:subfield code="w">(OCoLC)1233057116</marc:subfield></marc:datafield><marc:datafield tag="994" ind1=" " ind2=" "><marc:subfield code="a">C0</marc:subfield><marc:subfield code="b">GPO</marc:subfield></marc:datafield><marc:datafield tag="049" ind1=" " ind2=" "><marc:subfield code="a">XZLM</marc:subfield></marc:datafield><marc:datafield tag="955" ind1=" " ind2=" "><marc:subfield code="a">bc53 20220509</marc:subfield><marc:subfield code="b">20220509</marc:subfield></marc:datafield></marc:record>