
<marc:record><marc:leader>03178nam a2200517 i 4500</marc:leader>
<marc:controlfield tag="001">001178813</marc:controlfield>
<marc:controlfield tag="005">20220512083054.0</marc:controlfield><marc:controlfield tag="007">he bmb024bbca</marc:controlfield><marc:controlfield tag="008">220512s2020    dcu     bb   f000 0 eng c</marc:controlfield><marc:datafield tag="035" ind1=" " ind2=" "><marc:subfield code="a">(OCoLC)1316702019</marc:subfield></marc:datafield><marc:datafield tag="040" ind1=" " ind2=" "><marc:subfield code="a">GPO</marc:subfield><marc:subfield code="b">eng</marc:subfield><marc:subfield code="e">rda</marc:subfield><marc:subfield code="c">GPO</marc:subfield></marc:datafield><marc:datafield tag="042" ind1=" " ind2=" "><marc:subfield code="a">pcc</marc:subfield></marc:datafield><marc:datafield tag="043" ind1=" " ind2=" "><marc:subfield code="a">n-us---</marc:subfield></marc:datafield><marc:datafield tag="050" ind1=" " ind2="4"><marc:subfield code="a">KF32</marc:subfield><marc:subfield code="b">N38 2020zj</marc:subfield></marc:datafield><marc:datafield tag="074" ind1=" " ind2=" "><marc:subfield code="a">1008-D (MF)</marc:subfield></marc:datafield><marc:datafield tag="086" ind1="0" ind2=" "><marc:subfield code="a">Y 1.1/8:116-566</marc:subfield></marc:datafield><marc:datafield tag="110" ind1="1" ind2=" "><marc:subfield code="a">United States.</marc:subfield><marc:subfield code="b">Congress.</marc:subfield><marc:subfield code="b">House.</marc:subfield><marc:subfield code="b">Committee on Natural Resources,</marc:subfield><marc:subfield code="0">http://id.loc.gov/authorities/names/no93010794</marc:subfield><marc:subfield code="e">author.</marc:subfield></marc:datafield><marc:datafield tag="245" ind1="1" ind2="0"><marc:subfield code="a">National Oceanic and Atmospheric Administration Sexual Harassment and Assault Prevention Improvements Act of 2020 :</marc:subfield><marc:subfield code="b">report (to accompany H.R. 6636) (including cost estimate of the Congressional Budget Office).</marc:subfield></marc:datafield><marc:datafield tag="264" ind1=" " ind2="1"><marc:subfield code="a">[Washington, D.C.] :</marc:subfield><marc:subfield code="b">[U.S. Government Publishing Office],</marc:subfield><marc:subfield code="c">2020.</marc:subfield></marc:datafield><marc:datafield tag="300" ind1=" " ind2=" "><marc:subfield code="a">26 pages ;</marc:subfield><marc:subfield code="c">24 cm.</marc:subfield></marc:datafield><marc:datafield tag="336" ind1=" " ind2=" "><marc:subfield code="a">text</marc:subfield><marc:subfield code="b">txt</marc:subfield><marc:subfield code="2">rdacontent</marc:subfield></marc:datafield><marc:datafield tag="337" ind1=" " ind2=" "><marc:subfield code="a">microform</marc:subfield><marc:subfield code="b">h</marc:subfield><marc:subfield code="2">rdamedia</marc:subfield></marc:datafield><marc:datafield tag="338" ind1=" " ind2=" "><marc:subfield code="a">microfiche</marc:subfield><marc:subfield code="b">he</marc:subfield><marc:subfield code="2">rdacarrier</marc:subfield></marc:datafield><marc:datafield tag="490" ind1="1" ind2=" "><marc:subfield code="a">Report / 116th Congress, 2d session, House of Representatives ;</marc:subfield><marc:subfield code="v">116-566</marc:subfield></marc:datafield><marc:datafield tag="500" ind1=" " ind2=" "><marc:subfield code="a">Title from caption.</marc:subfield></marc:datafield><marc:datafield tag="500" ind1=" " ind2=" "><marc:subfield code="a">&quot;November 2, 2020.&quot;</marc:subfield></marc:datafield><marc:datafield tag="500" ind1=" " ind2=" "><marc:subfield code="a">Shipping list no.: 202X-0XXX-M.</marc:subfield></marc:datafield><marc:datafield tag="504" ind1=" " ind2=" "><marc:subfield code="a">Includes bibliographical references.</marc:subfield></marc:datafield><marc:datafield tag="533" ind1=" " ind2=" "><marc:subfield code="a">Microfiche.</marc:subfield><marc:subfield code="b">[Washington, D.C.] :</marc:subfield><marc:subfield code="c">U.S. Government Publishing Office,</marc:subfield><marc:subfield code="d">[2021?]</marc:subfield><marc:subfield code="e">1 microfiche : negative.</marc:subfield></marc:datafield><marc:datafield tag="610" ind1="1" ind2="0"><marc:subfield code="a">United States.</marc:subfield><marc:subfield code="b">National Oceanic and Atmospheric Administration</marc:subfield><marc:subfield code="0">http://id.loc.gov/authorities/names/n79004184</marc:subfield><marc:subfield code="x">Personnel management.</marc:subfield><marc:subfield code="0">http://id.loc.gov/authorities/subjects/sh00006939</marc:subfield></marc:datafield><marc:datafield tag="650" ind1=" " ind2="0"><marc:subfield code="a">Sexual harassment</marc:subfield><marc:subfield code="x">Law and legislation</marc:subfield><marc:subfield code="0">http://id.loc.gov/authorities/subjects/sh93009066</marc:subfield><marc:subfield code="z">United States.</marc:subfield><marc:subfield code="0">http://id.loc.gov/authorities/names/n78095330</marc:subfield></marc:datafield><marc:datafield tag="650" ind1=" " ind2="0"><marc:subfield code="a">Sexual harassment</marc:subfield><marc:subfield code="0">http://id.loc.gov/authorities/subjects/sh85120735</marc:subfield><marc:subfield code="z">United States</marc:subfield><marc:subfield code="0">http://id.loc.gov/authorities/names/n78095330</marc:subfield><marc:subfield code="x">Prevention.</marc:subfield><marc:subfield code="0">http://id.loc.gov/authorities/subjects/sh99002416</marc:subfield></marc:datafield><marc:datafield tag="610" ind1="1" ind2="7"><marc:subfield code="a">United States.</marc:subfield><marc:subfield code="b">National Oceanic and Atmospheric Administration.</marc:subfield><marc:subfield code="2">fast</marc:subfield><marc:subfield code="0">(OCoLC)fst00529308</marc:subfield></marc:datafield><marc:datafield tag="650" ind1=" " ind2="7"><marc:subfield code="a">Personnel management.</marc:subfield><marc:subfield code="2">fast</marc:subfield><marc:subfield code="0">(OCoLC)fst01058797</marc:subfield></marc:datafield><marc:datafield tag="650" ind1=" " ind2="7"><marc:subfield code="a">Sexual harassment</marc:subfield><marc:subfield code="x">Law and legislation.</marc:subfield><marc:subfield code="2">fast</marc:subfield><marc:subfield code="0">(OCoLC)fst01114862</marc:subfield></marc:datafield><marc:datafield tag="650" ind1=" " ind2="7"><marc:subfield code="a">Sexual harassment</marc:subfield><marc:subfield code="x">Prevention.</marc:subfield><marc:subfield code="2">fast</marc:subfield><marc:subfield code="0">(OCoLC)fst01114865</marc:subfield></marc:datafield><marc:datafield tag="651" ind1=" " ind2="7"><marc:subfield code="a">United States.</marc:subfield><marc:subfield code="2">fast</marc:subfield><marc:subfield code="0">(OCoLC)fst01204155</marc:subfield></marc:datafield><marc:datafield tag="655" ind1=" " ind2="7"><marc:subfield code="a">Legislative materials.</marc:subfield><marc:subfield code="2">fast</marc:subfield><marc:subfield code="0">(OCoLC)fst01774285</marc:subfield></marc:datafield><marc:datafield tag="655" ind1=" " ind2="7"><marc:subfield code="a">Legislative materials.</marc:subfield><marc:subfield code="2">lcgft</marc:subfield><marc:subfield code="0">http://id.loc.gov/authorities/genreForms/gf2011026362</marc:subfield></marc:datafield><marc:datafield tag="776" ind1="0" ind2="8"><marc:subfield code="i">Online version:</marc:subfield><marc:subfield code="a">United States. Congress. House. Committee on Natural Resources.</marc:subfield><marc:subfield code="t">National Oceanic and Atmospheric Administration Sexual Harassment and Assault Prevention Improvements Act of 2020</marc:subfield><marc:subfield code="w">(OCoLC)1202775827</marc:subfield></marc:datafield><marc:datafield tag="776" ind1="0" ind2="8"><marc:subfield code="i">Print version:</marc:subfield><marc:subfield code="a">United States. Congress. House. Committee on Natural Resources.</marc:subfield><marc:subfield code="t">National Oceanic and Atmospheric Administration Sexual Harassment and Assault Prevention Improvements Act of 2020</marc:subfield><marc:subfield code="w">(OCoLC)1239735736</marc:subfield></marc:datafield><marc:datafield tag="810" ind1="1" ind2=" "><marc:subfield code="a">United States.</marc:subfield><marc:subfield code="b">Congress.</marc:subfield><marc:subfield code="b">House.</marc:subfield><marc:subfield code="t">Report ;</marc:subfield><marc:subfield code="0">http://id.loc.gov/authorities/names/n42025618</marc:subfield><marc:subfield code="v">116-566.</marc:subfield></marc:datafield><marc:datafield tag="994" ind1=" " ind2=" "><marc:subfield code="a">C0</marc:subfield><marc:subfield code="b">GPO</marc:subfield></marc:datafield><marc:datafield tag="049" ind1=" " ind2=" "><marc:subfield code="a">XZLM</marc:subfield></marc:datafield><marc:datafield tag="955" ind1=" " ind2=" "><marc:subfield code="a">bca29 20220512</marc:subfield><marc:subfield code="b">20220512</marc:subfield></marc:datafield><marc:datafield tag="922" ind1=" " ind2=" "><marc:subfield code="a">BIBCONEW</marc:subfield><marc:subfield code="b">20220512</marc:subfield></marc:datafield></marc:record>